<record><leader>00000cas a22000007a 4500</leader><controlfield tag="001">11035646</controlfield><controlfield tag="008">840809c19069999ohudn ne      0    0eng d</controlfield><datafield ind1=" " ind2=" " tag="010"><subfield code="a">sn 84028425 </subfield></datafield><datafield ind1=" " ind2=" " tag="040"><subfield code="a">NPY</subfield><subfield code="b">eng</subfield><subfield code="c">NPY</subfield><subfield code="d">ONP</subfield><subfield code="d">OCLCQ</subfield></datafield><datafield ind1=" " ind2=" " tag="042"><subfield code="a">msc</subfield></datafield><datafield ind1="0" ind2=" " tag="130"><subfield code="a">Bellevue gazette (Bellevue, Ohio : 1906)</subfield></datafield><datafield ind1="1" ind2="4" tag="245"><subfield code="a">The Bellevue gazette.</subfield></datafield><datafield ind1=" " ind2=" " tag="260"><subfield code="a">Bellevue, Ohio :</subfield><subfield code="b">C.R. &amp; M.J. Callaghan</subfield></datafield><datafield ind1=" " ind2=" " tag="300"><subfield code="a">v.</subfield></datafield><datafield ind1=" " ind2=" " tag="310"><subfield code="a">Daily (except Sun.)</subfield></datafield><datafield ind1="1" ind2=" " tag="362"><subfield code="a">Began in 1906?</subfield></datafield><datafield ind1=" " ind2=" " tag="580"><subfield code="a">Weekly ed.: Bellevue gazette (Bellevue, Ohio : 1867).</subfield></datafield><datafield ind1=" " ind2=" " tag="588"><subfield code="a">Description based on: Vol. 8, no. 2 (Jan. 3, 1906).</subfield></datafield><datafield ind1=" " ind2=" " tag="752"><subfield code="a">United States</subfield><subfield code="b">Ohio</subfield><subfield code="c">Huron</subfield><subfield code="d">Bellevue.</subfield></datafield><datafield ind1="1" ind2=" " tag="775"><subfield code="t">Bellevue gazette (Bellevue, Ohio : 1867)</subfield><subfield code="w">(DLC)sn 84028424</subfield></datafield><datafield ind1="0" ind2="0" tag="780"><subfield code="t">Evening gazette (Bellevue, Ohio)</subfield><subfield code="w">(DLC)sn 87076681</subfield></datafield></record>